@book{definiceHydro,
  author = "Ladislav Slavík and Martin Neruda",
  title = "Voda v krajině",
  address = "Ústí nad Labem: Fakulta životní prostředí UJEP",
  year = "2007",
}

@book{FGkniha,
  author = "Stanislav Horník and Stanislav Cháběra and Hubert Kříž and L'udovít Mičian and Evžen Quitt",
  title = "Základy fyzické geografie",
  publisher = "Státní pedagogické nakladatelství",
  address = "Praha",
  year = "1982",
}

@misc{hydro_net,
  url = "https://is.muni.cz/do/rect/el/estud/pedf/ps14/fyz_geogr/web/pages/07-voda.html",
  howpublished = "[online]",
  title = "Voda na Zemi",
  note = "[cit. 11.2.2019]",
}

@misc{UK,
  author = "Miroslav Šobr",
  institution = "Univerzita Karlova: Katedra fyzické geografie a geoekologie",
  url = "https://www.natur.cuni.cz/geografie/fyzgeo/sobr/pedagogicka-cinnost/metody-ve-fg-i/hydrografie-povodi/hydrografie-zadani/view",
  howpublished = "[online]",
  title = "Hydrografie povodí: Úkol 5",
  note = "[12.2.2019]",
}

@book{SMOOS,
  author = "Eduard Oberfalcer",
  title = "Po vlnách řeky Otavy",
  publisher = "Svazek měst a obcí okresu Strakonice",
  year = "2015",
  ISBN = "978-80-260-8901-8",
}